
@article{crawford2017trouble,
  title={The trouble with bias, 2017},
  author={Crawford, Kate},
  journal={URL http://blog. revolutionanalytics. com/2017/12/the-trouble-with-bias-by-kate-crawford. html. Invited Talk by Kate Crawford at NIPS},
  year={2017}
}
@inproceedings{wachsmuth2017computational,
  title={Computational argumentation quality assessment in natural language},
  author={Wachsmuth, Henning and Naderi, Nona and Hou, Yufang and Bilu, Yonatan and Prabhakaran, Vinodkumar and Thijm, Tim Alberdingk and Hirst, Graeme and Stein, Benno},
  booktitle={Proceedings of the 15th Conference of the European Chapter of the Association for Computational Linguistics: Volume 1, Long Papers},
  pages={176--187},
  year={2017}
}
@article{campolo2017ai,
  title={AI now 2017 report},
  author={Campolo, Alex and Sanfilippo, Madelyn Rose and Whittaker, Meredith and Crawford, Kate},
  year={2017},
  publisher={AI Now Institute at New York University}
}
@inproceedings{calais2011bias,
  title={From bias to opinion: a transfer-learning approach to real-time sentiment analysis},
  author={Calais Guerra, Pedro Henrique and Veloso, Adriano and Meira Jr, Wagner and Almeida, Virg{\'\i}lio},
  booktitle={Proceedings of the 17th ACM SIGKDD international conference on Knowledge discovery and data mining},
  pages={150--158},
  year={2011}
}
@article{lloyd2018bias,
  title={Bias amplification in artificial intelligence systems},
  author={Lloyd, Kirsten},
  journal={arXiv preprint arXiv:1809.07842},
  year={2018}
}
@inproceedings{hovy2016social,
  title={The social impact of natural language processing},
  author={Hovy, Dirk and Spruit, Shannon L},
  booktitle={Proceedings of the 54th Annual Meeting of the Association for Computational Linguistics (Volume 2: Short Papers)},
  pages={591--598},
  year={2016}
}
@article{suresh2019framework,
  title={A framework for understanding unintended consequences of machine learning},
  author={Suresh, Harini and Guttag, John V},
  journal={arXiv preprint arXiv:1901.10002},
  year={2019}
}
@inproceedings{wachsmuth2017building,
  title={Building an argument search engine for the web},
  author={Wachsmuth, Henning and Potthast, Martin and Al Khatib, Khalid and Ajjour, Yamen and Puschmann, Jana and Qu, Jiani and Dorsch, Jonas and Morari, Viorel and Bevendorff, Janek and Stein, Benno},
  booktitle={Proceedings of the 4th Workshop on Argument Mining},
  pages={49--59},
  year={2017}
}
@article{blodgett2020language,
  title={Language (Technology) is Power: A Critical Survey of" Bias" in NLP},
  author={Blodgett, Su Lin and Barocas, Solon and Daum{\'e} III, Hal and Wallach, Hanna},
  journal={arXiv preprint arXiv:2005.14050},
  year={2020}
}
@article{mehrabi2019survey,
  title={A survey on bias and fairness in machine learning},
  author={Mehrabi, Ninareh and Morstatter, Fred and Saxena, Nripsuta and Lerman, Kristina and Galstyan, Aram},
  journal={arXiv preprint arXiv:1908.09635},
  year={2019}
}
@inproceedings{recasens2013linguistic,
  title={Linguistic models for analyzing and detecting biased language},
  author={Recasens, Marta and Danescu-Niculescu-Mizil, Cristian and Jurafsky, Dan},
  booktitle={Proceedings of the 51st Annual Meeting of the Association for Computational Linguistics (Volume 1: Long Papers)},
  pages={1650--1659},
  year={2013}
}
@article{wiebe2004learning,
  title={Learning subjective language},
  author={Wiebe, Janyce and Wilson, Theresa and Bruce, Rebecca and Bell, Matthew and Martin, Melanie},
  journal={Computational linguistics},
  volume={30},
  number={3},
  pages={277--308},
  year={2004},
  publisher={MIT Press}
}
@article{fiske1998stereotyping,
  title={Stereotyping, prejudice, and discrimination},
  author={Fiske, Susan T},
  journal={The handbook of social psychology},
  volume={2},
  number={4},
  pages={357--411},
  year={1998}
}
@inproceedings{lin2011sentence,
  title={Sentence subjectivity detection with weakly-supervised learning},
  author={Lin, Chenghua and He, Yulan and Everson, Richard},
  booktitle={Proceedings of 5th International Joint Conference on Natural Language Processing},
  pages={1153--1161},
  year={2011}
}
@inproceedings{somasundaran2010recognizing,
  title={Recognizing stances in ideological on-line debates},
  author={Somasundaran, Swapna and Wiebe, Janyce},
  booktitle={Proceedings of the NAACL HLT 2010 workshop on computational approaches to analysis and generation of emotion in text},
  pages={116--124},
  year={2010}
}
@inproceedings{pryzant2020automatically,
  title={Automatically neutralizing subjective bias in text},
  author={Pryzant, Reid and Martinez, Richard Diehl and Dass, Nathan and Kurohashi, Sadao and Jurafsky, Dan and Yang, Diyi},
  booktitle={Proceedings of the AAAI Conference on Artificial Intelligence},
  volume={34},
  number={01},
  pages={480--489},
  year={2020}
}
@book{walton2005fundamentals,
  title={Fundamentals of critical argumentation},
  author={Walton, Douglas},
  year={2005},
  publisher={Cambridge University Press}
}
@inproceedings{barocas2017problem,
  title={The problem with bias: Allocative versus representational harms in machine learning},
  author={Barocas, Solon and Crawford, Kate and Shapiro, Aaron and Wallach, Hanna},
  booktitle={9th Annual Conference of the Special Interest Group for Computing, Information and Society},
  year={2017}
}
@phdthesis{stab2017argumentative,
  title={Argumentative writing support by means of natural language processing},
  author={Stab, Christian Matthias Edwin},
  year={2017},
  school={Technische Universit{\"a}t Darmstadt}
}
@inproceedings{samadi2016claimeval,
  title={ClaimEval: Integrated and Flexible Framework for Claim Evaluation Using Credibility of Sources.},
  author={Samadi, Mehdi and Talukdar, Partha Pratim and Veloso, Manuela M and Blum, Manuel},
  booktitle={AAAI},
  pages={222--228},
  year={2016}
}
@inproceedings{rinott2015show,
  title={Show me your evidence-an automatic method for context dependent evidence detection},
  author={Rinott, Ruty and Dankin, Lena and Alzate, Carlos and Khapra, Mitesh M and Aharoni, Ehud and Slonim, Noam},
  booktitle={Proceedings of the 2015 conference on empirical methods in natural language processing},
  pages={440--450},
  year={2015}
}
@inproceedings{saxena2019fairness,
  title={How do fairness definitions fare? Examining public attitudes towards algorithmic definitions of fairness},
  author={Saxena, Nripsuta Ani and Huang, Karen and DeFilippis, Evan and Radanovic, Goran and Parkes, David C and Liu, Yang},
  booktitle={Proceedings of the 2019 AAAI/ACM Conference on AI, Ethics, and Society},
  pages={99--106},
  year={2019}
}
@article{lawrence2017debating,
  title={Debating technology for dialogical argument: Sensemaking, engagement, and analytics},
  author={Lawrence, John and Snaith, Mark and Konat, Barbara and Budzynska, Katarzyna and Reed, Chris},
  journal={ACM Transactions on Internet Technology (TOIT)},
  volume={17},
  number={3},
  pages={1--23},
  year={2017},
  publisher={ACM New York, NY, USA}
}
@misc{ComputationalEthics,
    author = "Yulia Tsvetkov",
    title = "Computational Ethics for NLP",
    howpublished  = {\url{https://docs.google.com/presentation/d/15Z-2HwRQ3B8eOSi3dxxF5L_3jZe471mKgjQjgOsqag0/edit#slide=id.g4e4a9fbd85_0_0}},
    keywords = "CE,NLP",
    year={2020}
}
@misc{Stereotype,
    author = "Wikipedia",
    title = "Stereotype",
    howpublished  = {\url{https://en.wikipedia.org/wiki/Stereotype}},
}
@article{zhao2017men,
  title={Men also like shopping: Reducing gender bias amplification using corpus-level constraints},
  author={Zhao, Jieyu and Wang, Tianlu and Yatskar, Mark and Ordonez, Vicente and Chang, Kai-Wei},
  journal={arXiv preprint arXiv:1707.09457},
  year={2017}
}
@article{spliethover2020argument,
  title={Argument from Old Man's View: Assessing Social Bias in Argumentation},
  author={Splieth{\"o}ver, Maximilian and Wachsmuth, Henning},
  journal={arXiv preprint arXiv:2011.12014},
  year={2020}
}
@article{nadeem2020stereoset,
  title={StereoSet: Measuring stereotypical bias in pretrained language models},
  author={Nadeem, Moin and Bethke, Anna and Reddy, Siva},
  journal={arXiv preprint arXiv:2004.09456},
  year={2020}
}
@article{nangia2020crows,
  title={Crows-pairs: A challenge dataset for measuring social biases in masked language models},
  author={Nangia, Nikita and Vania, Clara and Bhalerao, Rasika and Bowman, Samuel R},
  journal={arXiv preprint arXiv:2010.00133},
  year={2020}
}
@article{sap2019social,
  title={Social bias frames: Reasoning about social and power implications of language},
  author={Sap, Maarten and Gabriel, Saadia and Qin, Lianhui and Jurafsky, Dan and Smith, Noah A and Choi, Yejin},
  journal={arXiv preprint arXiv:1911.03891},
  year={2019}
}
@article{perez2020don,
  title={Don't Patronize Me! An Annotated Dataset with Patronizing and Condescending Language towards Vulnerable Communities},
  author={P{\'e}rez-Almendros, Carla and Espinosa-Anke, Luis and Schockaert, Steven},
  journal={arXiv preprint arXiv:2011.08320},
  year={2020}
}
@inproceedings{wang2012baselines,
  title={Baselines and bigrams: Simple, good sentiment and topic classification},
  author={Wang, Sida I and Manning, Christopher D},
  booktitle={Proceedings of the 50th Annual Meeting of the Association for Computational Linguistics (Volume 2: Short Papers)},
  pages={90--94},
  year={2012}
}
@phdthesis{hube2020methods,
  title={Methods for detecting and mitigating linguistic bias in text corpora},
  author={Hube, Christoph},
  year={2020},
  school={Hannover: Institutionelles Repositorium der Leibniz Universit{\"a}t Hannover}
}
@book{kashima2008stereotype,
  title={Stereotype dynamics: Language-based approaches to the formation, maintenance, and transformation of stereotypes},
  author={Kashima, Yoshihisa and Fiedler, Klaus and Freytag, Peter},
  year={2008},
  publisher={Taylor \& Francis}
}
@article{allport1954nature,
  title={The nature of prejudice},
  author={Allport, Gordon Willard and Clark, Kenneth and Pettigrew, Thomas},
  year={1954},
  publisher={Addison-wesley Reading, MA}
}
@article{kahneman2002maps,
  title={Maps of bounded rationality: A perspective on intuitive judgment and choice},
  author={Kahneman, Daniel},
  journal={Nobel prize lecture},
  volume={8},
  pages={351--401},
  year={2002},
  publisher={Stockholm, Sweden}
}
@article{moss2012science,
  title={Science faculty’s subtle gender biases favor male students},
  author={Moss-Racusin, Corinne A and Dovidio, John F and Brescoll, Victoria L and Graham, Mark J and Handelsman, Jo},
  journal={Proceedings of the national academy of sciences},
  volume={109},
  number={41},
  pages={16474--16479},
  year={2012},
  publisher={National Acad Sciences}
}
@misc{IDC,
    author = "David Reinsel – John Gantz – John Rydning",
    title = "The digitization of the world",
    howpublished  = {\url{https://www.seagate.com/files/www-content/our-story/trends/files/idc-seagate-dataage-whitepaper.pdf}},
    keywords = "IDC",
    year={2018}
}
@misc{transfer_Learning,
    author = "Jeremy Howard and Sebastian Ruder",
    title = "Introducing state of the art text classification with universal language models",
    howpublished  = {\url{https://nlp.fast.ai}},
    keywords = "transfer_Learning",
    year={2018}
}
@article{doran2017does,
  title={What does explainable AI really mean? A new conceptualization of perspectives},
  author={Doran, Derek and Schulz, Sarah and Besold, Tarek R},
  journal={arXiv preprint arXiv:1710.00794},
  year={2017}
}
@inproceedings{ribeiro2016should,
  title={" Why should i trust you?" Explaining the predictions of any classifier},
  author={Ribeiro, Marco Tulio and Singh, Sameer and Guestrin, Carlos},
  booktitle={Proceedings of the 22nd ACM SIGKDD international conference on knowledge discovery and data mining},
  pages={1135--1144},
  year={2016}
}
@misc{Cognition_Stereotype,
    author = "Geoff Kaufman",
    title = "Psychological Foundations of Implicit Bias",
    howpublished  = {\url{http://demo.clab.cs.cmu.edu/ethical_nlp2018/slides/04_Implicit_Bias.pdf}},
    keywords = "Cognition_Stereotype",
    year={2018}
}
@article{sanh2019distilbert,
  title={DistilBERT, a distilled version of BERT: smaller, faster, cheaper and lighter},
  author={Sanh, Victor and Debut, Lysandre and Chaumond, Julien and Wolf, Thomas},
  journal={arXiv preprint arXiv:1910.01108},
  year={2019}
}
@article{radford2019language,
  title={Language models are unsupervised multitask learners},
  author={Radford, Alec and Wu, Jeffrey and Child, Rewon and Luan, David and Amodei, Dario and Sutskever, Ilya},
  journal={OpenAI blog},
  volume={1},
  number={8},
  pages={9},
  year={2019}
}
@article{ikonomakis2005text,
  title={Text classification using machine learning techniques.},
  author={Ikonomakis, M and Kotsiantis, Sotiris and Tampakas, V},
  journal={WSEAS transactions on computers},
  volume={4},
  number={8},
  pages={966--974},
  year={2005}
}
@article{kowsari2019text,
  title={Text classification algorithms: A survey},
  author={Kowsari, Kamran and Jafari Meimandi, Kiana and Heidarysafa, Mojtaba and Mendu, Sanjana and Barnes, Laura and Brown, Donald},
  journal={Information},
  volume={10},
  number={4},
  pages={150},
  year={2019},
  publisher={Multidisciplinary Digital Publishing Institute}
}
@article{kahneman2002representativeness,
  title={Representativeness revisited: Attribute substitution in intuitive judgment},
  author={Kahneman, Daniel and Frederick, Shane},
  journal={Heuristics and biases: The psychology of intuitive judgment},
  volume={49},
  pages={81},
  year={2002}
}
@article{beukeboom2019stereotypes,
  title={How stereotypes are shared through language: a review and introduction of the aocial categories and stereotypes communication (SCSC) framework},
  author={Beukeboom, Camiel J and Burgers, Christian},
  journal={Review of Communication Research},
  volume={7},
  pages={1--37},
  year={2019},
  publisher={ESP}
}
@article{spencer2016stereotype,
  title={Stereotype threat},
  author={Spencer, Steven J and Logel, Christine and Davies, Paul G},
  journal={Annual review of psychology},
  volume={67},
  pages={415--437},
  year={2016},
  publisher={Annual Reviews}
}
% @article{beukeboom2019stereotypes,
%   title={How stereotypes are shared through language: a review and introduction of the aocial categories and stereotypes communication (SCSC) framework},
%   author={Beukeboom, Camiel J and Burgers, Christian},
%   journal={Review of Communication Research},
%   volume={7},
%   pages={1--37},
%   year={2019},
%   publisher={ESP}
% }
@article{hovland1948social,
  title={Social communication},
  author={Hovland, Carl I},
  journal={Proceedings of the American Philosophical Society},
  volume={92},
  number={5},
  pages={371--375},
  year={1948},
  publisher={JSTOR}
}
@article{wigboldus2005we,
  title={When do we communicate stereotypes? Influence of the social context on the linguistic expectancy bias},
  author={Wigboldus, Dani{\"e}l HJ and Spears, Russell and Semin, G{\"u}n R},
  journal={Group Processes \& Intergroup Relations},
  volume={8},
  number={3},
  pages={215--230},
  year={2005},
  publisher={Sage Publications Sage CA: Thousand Oaks, CA}
}
@article{jordan2015machine,
  title={Machine learning: Trends, perspectives, and prospects},
  author={Jordan, Michael I and Mitchell, Tom M},
  journal={Science},
  volume={349},
  number={6245},
  pages={255--260},
  year={2015},
  publisher={American Association for the Advancement of Science}
}
@article{radford2019language,
  title={Language models are unsupervised multitask learners},
  author={Radford, Alec and Wu, Jeffrey and Child, Rewon and Luan, David and Amodei, Dario and Sutskever, Ilya},
  journal={OpenAI blog},
  volume={1},
  number={8},
  pages={9},
  year={2019}
}
@misc{DNLP,
    author = "Chirs Manning",
    title = "Natural Language processing with Deep Learning",
    howpublished  = {\url{ http://web.stanford.edu/class/cs224n/slides/cs224n-2021-lecture05-rnnlm.pdf }},
    keywords = "Language_Model",
    year = {2020}
}
@article{bartl2020unmasking,
  title={Unmasking Contextual Stereotypes: Measuring and Mitigating BERT's Gender Bias},
  author={Bartl, Marion and Nissim, Malvina and Gatt, Albert},
  journal={arXiv preprint arXiv:2010.14534},
  year={2020}
}
@phdthesis{ruder2019neural,
  title={Neural transfer learning for natural language processing},
  author={Ruder, Sebastian},
  year={2019},
  school={NUI Galway}
}
@article{brown2020language,
  title={Language models are few-shot learners},
  author={Brown, Tom B and Mann, Benjamin and Ryder, Nick and Subbiah, Melanie and Kaplan, Jared and Dhariwal, Prafulla and Neelakantan, Arvind and Shyam, Pranav and Sastry, Girish and Askell, Amanda and others},
  journal={arXiv preprint arXiv:2005.14165},
  year={2020}
}
@article{burgers2020language,
  title={How language contributes to stereotype formation: Combined effects of label types and negation use in behavior descriptions},
  author={Burgers, Christian and Beukeboom, Camiel J},
  journal={Journal of Language and Social Psychology},
  volume={39},
  number={4},
  pages={438--456},
  year={2020},
  publisher={SAGE Publications Sage CA: Los Angeles, CA}
}
@article{tsoumakas2007multi@article{fiske1998stereotyping,
  title={Stereotyping, prejudice, and discrimination.},
  author={Fiske, Susan T},
  year={1998},
  publisher={McGraw-Hill}
}
@book{hamilton2015cognitive,
  title={Cognitive processes in stereotyping and intergroup behavior},
  author={Hamilton, David L},
  year={2015},
  publisher={Psychology Press}
}
@book{macrae1996stereotypes,
  title={Stereotypes and stereotyping},
  author={Macrae, C Neil and Stangor, Charles and Hewstone, Miles},
  year={1996},
  publisher={Guilford Press}
}
@inproceedings{cryan2020detecting,
  title={Detecting Gender Stereotypes: Lexicon vs. Supervised Learning Methods},
  author={Cryan, Jenna and Tang, Shiliang and Zhang, Xinyi and Metzger, Miriam and Zheng, Haitao and Zhao, Ben Y},
  booktitle={Proceedings of the 2020 CHI Conference on Human Factors in Computing Systems},
  pages={1--11},
  year={2020}
}
@article{garrido2021survey,
  title={A Survey on Bias in Deep NLP},
  author={Garrido-Mu{\~n}oz, Ismael and Montejo-R{\'a}ez, Arturo and Mart{\'\i}nez-Santiago, Fernando and Ure{\~n}a-L{\'o}pez, L Alfonso},
  journal={Applied Sciences},
  volume={11},
  number={7},
  pages={3184},
  year={2021},
  publisher={Multidisciplinary Digital Publishing Institute}
}
@article{blodgett2020language,
  title={Language (technology) is power: A critical survey of" bias" in nlp},
  author={Blodgett, Su Lin and Barocas, Solon and Daum{\'e} III, Hal and Wallach, Hanna},
  journal={arXiv preprint arXiv:2005.14050},
  year={2020}
}
@article{devlin2018bert,
  title={Bert: Pre-training of deep bidirectional transformers for language understanding},
  author={Devlin, Jacob and Chang, Ming-Wei and Lee, Kenton and Toutanova, Kristina},
  journal={arXiv preprint arXiv:1810.04805},
  year={2018}
}
@article{radford2019language,
  title={Language models are unsupervised multitask learners},
  author={Radford, Alec and Wu, Jeffrey and Child, Rewon and Luan, David and Amodei, Dario and Sutskever, Ilya and others},
  journal={OpenAI blog},
  volume={1},
  number={8},
  pages={9},
  year={2019}
}
@article{yang2019xlnet,
  title={Xlnet: Generalized autoregressive pretraining for language understanding},
  author={Yang, Zhilin and Dai, Zihang and Yang, Yiming and Carbonell, Jaime and Salakhutdinov, Russ R and Le, Quoc V},
  journal={Advances in neural information processing systems},
  volume={32},
  year={2019}
}
@article{liu2019roberta,
  title={Roberta: A robustly optimized bert pretraining approach},
  author={Liu, Yinhan and Ott, Myle and Goyal, Naman and Du, Jingfei and Joshi, Mandar and Chen, Danqi and Levy, Omer and Lewis, Mike and Zettlemoyer, Luke and Stoyanov, Veselin},
  journal={arXiv preprint arXiv:1907.11692},
  year={2019}
}
@article{bergstra2012random,
  title={Random search for hyper-parameter optimization.},
  author={Bergstra, James and Bengio, Yoshua},
  journal={Journal of machine learning research},
  volume={13},
  number={2},
  year={2012}
}
@article{vrandevcic2014wikidata,
  title={Wikidata: a free collaborative knowledgebase},
  author={Vrande{\v{c}}i{\'c}, Denny and Kr{\"o}tzsch, Markus},
  journal={Communications of the ACM},
  volume={57},
  number={10},
  pages={78--85},
  year={2014},
  publisher={ACM New York, NY, USA}
}
@article{nosek2002math,
  title={Math= male, me= female, therefore math$\ne$ me.},
  author={Nosek, Brian A and Banaji, Mahzarin R and Greenwald, Anthony G},
  journal={Journal of personality and social psychology},
  volume={83},
  number={1},
  pages={44},
  year={2002},
  publisher={American Psychological Association}
}
@inproceedings{blodgett2021stereotyping,
  title={Stereotyping Norwegian salmon: an inventory of pitfalls in fairness benchmark datasets},
  author={Blodgett, Su Lin and Lopez, Gilsinia and Olteanu, Alexandra and Sim, Robert and Wallach, Hanna},
  booktitle={Proc. 59th Annual Meeting of the Association for Computational Linguistics},
  year={2021}
}
@article{tangpersonalized,
  title={Personalized Emotion Classification with Latent Dirichlet Allocation},
  author={Tang, Kui},
  publisher={Citeseer}
}
@article{zhang2013review,
  title={A review on multi-label learning algorithms},
  author={Zhang, Min-Ling and Zhou, Zhi-Hua},
  journal={IEEE transactions on knowledge and data engineering},
  volume={26},
  number={8},
  pages={1819--1837},
  year={2013},
  publisher={IEEE}
}
@book{macrae1996stereotypes,
  title={Stereotypes and stereotyping},
  author={Macrae, C Neil and Stangor, Charles and Hewstone, Miles},
  year={1996},
  publisher={Guilford Press}
}
@article{ashmore1981conceptual,
  title={Conceptual approaches to stereotypes and stereotyping},
  author={Ashmore, Richard D and Del Boca, Frances K},
  journal={Cognitive processes in stereotyping and intergroup behavior},
  volume={1},
  pages={35},
  year={1981}
}
@article{winant2015race,
title={Race, ethnicity and social science},
author={Winant, Howard},
journal={Ethnic and Racial Studies},
volume={38},
number={13},
pages={2176--2185},
year={2015},
publisher={Taylor \& Francis}
}
@book{peoples2014humanity,
  title={Humanity: An introduction to cultural anthropology},
  author={Peoples, James and Bailey, Garrick},
  year={2014},
  publisher={Cengage Learning}
}
@article{koenig2018comparing,
  title={Comparing prescriptive and descriptive gender stereotypes about children, adults, and the elderly},
  author={Koenig, Anne M},
  journal={Frontiers in psychology},
  volume={9},
  pages={1086},
  year={2018},
  publisher={Frontiers}
}
@article{prentice2002women,
  title={What women and men should be, shouldn't be, are allowed to be, and don't have to be: The contents of prescriptive gender stereotypes},
  author={Prentice, Deborah A and Carranza, Erica},
  journal={Psychology of women quarterly},
  volume={26},
  number={4},
  pages={269--281},
  year={2002},
  publisher={SAGE Publications Sage CA: Los Angeles, CA}
}
@article{barnett1979readability,
  title={Readability of accounting and auditing messages},
  author={Barnett, Andrew and Leoffler, Keith},
  journal={The Journal of Business Communication (1973)},
  volume={16},
  number={3},
  pages={49--59},
  year={1979},
  publisher={Sage Publications Sage CA: Thousand Oaks, CA}
}
@article{flesch1948new,
  title={A new readability yardstick.},
  author={Flesch, Rudolph},
  journal={Journal of applied psychology},
  volume={32},
  number={3},
  pages={221},
  year={1948},
  publisher={American Psychological Association}
}
@article{burgers2020language,
  title={How language contributes to stereotype formation: Combined effects of label types and negation use in behavior descriptions},
  author={Burgers, Christian and Beukeboom, Camiel J},
  journal={Journal of Language and Social Psychology},
  volume={39},
  number={4},
  pages={438--456},
  year={2020},
  publisher={SAGE Publications Sage CA: Los Angeles, CA}
}
@inproceedings{heimerl2014word,
  title={Word cloud explorer: Text analytics based on word clouds},
  author={Heimerl, Florian and Lohmann, Steffen and Lange, Simon and Ertl, Thomas},
  booktitle={2014 47th Hawaii International Conference on System Sciences},
  pages={1833--1842},
  year={2014},
  organization={IEEE}
}
@article{kurzl1988exploratory,
  title={Exploratory data analysis: recent advances for the interpretation of geochemical data},
  author={K{\"u}rzl, Hans},
  journal={Journal of Geochemical Exploration},
  volume={30},
  number={1-3},
  pages={309--322},
  year={1988},
  publisher={Elsevier}
}
@inproceedings{ruder2019transfer,
  title={Transfer Learning in Natural Language Processing},
  author={Ruder, Sebastian and Peters, Matthew E and Swayamdipta, Swabha and Wolf, Thomas},
  booktitle={Proceedings of the 2019 Conference of the North American Chapter of the Association for Computational Linguistics: Tutorials},
  pages={15--18},
  year={2019}
}
@article{howard2018universal,
  title={Universal language model fine-tuning for text classification},
  author={Howard, Jeremy and Ruder, Sebastian},
  journal={arXiv preprint arXiv:1801.06146},
  year={2018}
}
@article{sanh2019distilbert,
  title={DistilBERT, a distilled version of BERT: smaller, faster, cheaper and lighter},
  author={Sanh, Victor and Debut, Lysandre and Chaumond, Julien and Wolf, Thomas},
  journal={arXiv preprint arXiv:1910.01108},
  year={2019}
}
@article{devlin2018bert,
  title={Bert: Pre-training of deep bidirectional transformers for language understanding},
  author={Devlin, Jacob and Chang, Ming-Wei and Lee, Kenton and Toutanova, Kristina},
  journal={arXiv preprint arXiv:1810.04805},
  year={2018}
}
@article{liu2019roberta,
  title={Roberta: A robustly optimized bert pretraining approach},
  author={Liu, Yinhan and Ott, Myle and Goyal, Naman and Du, Jingfei and Joshi, Mandar and Chen, Danqi and Levy, Omer and Lewis, Mike and Zettlemoyer, Luke and Stoyanov, Veselin},
  journal={arXiv preprint arXiv:1907.11692},
  year={2019}
}
@article{yang2019xlnet,
  title={Xlnet: Generalized autoregressive pretraining for language understanding},
  author={Yang, Zhilin and Dai, Zihang and Yang, Yiming and Carbonell, Jaime and Salakhutdinov, Russ R and Le, Quoc V},
  journal={Advances in neural information processing systems},
  volume={32},
  year={2019}
}
@article{radford2019language,
  title={Language models are unsupervised multitask learners},
  author={Radford, Alec and Wu, Jeffrey and Child, Rewon and Luan, David and Amodei, Dario and Sutskever, Ilya and others},
  journal={OpenAI blog},
  volume={1},
  number={8},
  pages={9},
  year={2019}
}
@article{sokolova2009systematic,
  title={A systematic analysis of performance measures for classification tasks},
  author={Sokolova, Marina and Lapalme, Guy},
  journal={Information processing \& management},
  volume={45},
  number={4},
  pages={427--437},
  year={2009},
  publisher={Elsevier}
}
@inproceedings{ji2008extracting,
  title={Extracting shared subspace for multi-label classification},
  author={Ji, Shuiwang and Tang, Lei and Yu, Shipeng and Ye, Jieping},
  booktitle={Proceedings of the 14th ACM SIGKDD international conference on Knowledge discovery and data mining},
  pages={381--389},
  year={2008}
}
@article{merrillees2021stratified,
  title={Stratified Sampling for Extreme Multi-Label Data},
  author={Merrillees, Maximillian and Du, Lan},
  journal={arXiv preprint arXiv:2103.03494},
  year={2021}
}
@inproceedings{vaswani2017attention,
  title={Attention is all you need},
  author={Vaswani, Ashish and Shazeer, Noam and Parmar, Niki and Uszkoreit, Jakob and Jones, Llion and Gomez, Aidan N and Kaiser, {\L}ukasz and Polosukhin, Illia},
  booktitle={Advances in neural information processing systems},
  pages={5998--6008},
  year={2017}
}
@article{solaiman2021process,
  title={Process for Adapting Language Models to Society (PALMS) with Values-Targeted Datasets},
  author={Solaiman, Irene and Dennison, Christy},
  journal={arXiv preprint arXiv:2106.10328},
  year={2021}
}
@InProceedings{joulin2017bag,
  title={Bag of Tricks for Efficient Text Classification},
  author={Joulin, Armand and Grave, Edouard and Bojanowski, Piotr and Mikolov, Tomas},
  booktitle={Proceedings of the 15th Conference of the European Chapter of the Association for Computational Linguistics: Volume 2, Short Papers},
  month={April},
  year={2017},
  publisher={Association for Computational Linguistics},
  pages={427--431},
}
@inproceedings{pennington2014glove,
  title={Glove: Global vectors for word representation},
  author={Pennington, Jeffrey and Socher, Richard and Manning, Christopher D},
  booktitle={Proceedings of the 2014 conference on empirical methods in natural language processing (EMNLP)},
  pages={1532--1543},
  year={2014}
}
@inproceedings{akbik2019flair,
  title={FLAIR: An easy-to-use framework for state-of-the-art NLP},
  author={Akbik, Alan and Bergmann, Tanja and Blythe, Duncan and Rasul, Kashif and Schweter, Stefan and Vollgraf, Roland},
  booktitle={Proceedings of the 2019 Conference of the North American Chapter of the Association for Computational Linguistics (Demonstrations)},
  pages={54--59},
  year={2019}
}
@inproceedings{recasens2013linguistic,
  title={Linguistic models for analyzing and detecting biased language},
  author={Recasens, Marta and Danescu-Niculescu-Mizil, Cristian and Jurafsky, Dan},
  booktitle={Proceedings of the 51st Annual Meeting of the Association for Computational Linguistics (Volume 1: Long Papers)},
  pages={1650--1659},
  year={2013}
}
@incollection{hooper1975assertive,
  title={On assertive predicates},
  author={Hooper, Joan B},
  booktitle={Syntax and Semantics volume 4},
  pages={91--124},
  year={1975},
  publisher={Brill}
}
@misc{kiparsky1970progress,
  title={Progress in linguistics},
  author={Kiparsky, Paul and Kiparsky, Carol and Bierwisch, Manfred and Heidolph, Karl Erich},
  year={1970}
}
@article{karttunen1971implicative,
  title={Implicative verbs},
  author={Karttunen, Lauri},
  journal={Language},
  pages={340--358},
  year={1971},
  publisher={JSTOR}
}
@inproceedings{wilson2005recognizing,
  title={Recognizing contextual polarity in phrase-level sentiment analysis},
  author={Wilson, Theresa and Wiebe, Janyce and Hoffmann, Paul},
  booktitle={Proceedings of human language technology conference and conference on empirical methods in natural language processing},
  pages={347--354},
  year={2005}
}
@article{sorower2010literature,
  title={A literature survey on algorithms for multi-label learning},
  author={Sorower, Mohammad S},
  journal={Oregon State University, Corvallis},
  volume={18},
  pages={1--25},
  year={2010},
  publisher={Citeseer}
}
@inproceedings{zhang2010multi,
  title={Multi-label learning by exploiting label dependency},
  author={Zhang, Min-Ling and Zhang, Kun},
  booktitle={Proceedings of the 16th ACM SIGKDD international conference on Knowledge discovery and data mining},
  pages={999--1008},
  year={2010}
}
@inproceedings{zhang2010multi,
  title={Multi-label learning by exploiting label dependency},
  author={Zhang, Min-Ling and Zhang, Kun},
  booktitle={Proceedings of the 16th ACM SIGKDD international conference on Knowledge discovery and data mining},
  pages={999--1008},
  year={2010}
}
@incollection{aggarwal2012survey,
  title={A survey of text classification algorithms},
  author={Aggarwal, Charu C and Zhai, ChengXiang},
  booktitle={Mining text data},
  pages={163--222},
  year={2012},
  publisher={Springer}
}
@article{kingsford2008decision,
  title={What are decision trees?},
  author={Kingsford, Carl and Salzberg, Steven L},
  journal={Nature biotechnology},
  volume={26},
  number={9},
  pages={1011--1013},
  year={2008},
  publisher={Nature Publishing Group}
}
@article{kahneman2003maps,
  title={Maps of bounded rationality: Psychology for behavioral economics},
  author={Kahneman, Daniel},
  journal={American economic review},
  volume={93},
  number={5},
  pages={1449--1475},
  year={2003}
}
@article{vinacke1949stereotyping,
  title={Stereotyping among national-racial groups in Hawaii: A study in ethnocentrism},
  author={Vinacke, W Edgar},
  journal={The Journal of social psychology},
  volume={30},
  number={2},
  pages={265--291},
  year={1949},
  publisher={Taylor \& Francis}
}
@article{kanahara2006review,
  title={A Review of the Definitions of Stereotype and a Proposal for a Progressional Model.},
  author={Kanahara, Shunsuke},
  journal={Individual Differences Research},
  volume={4},
  number={5},
  year={2006}
}
@article{katz1935racial,
  title={Racial prejudice and racial stereotypes.},
  author={Katz, Daniel and Braly, Kenneth W},
  journal={The Journal of abnormal and social psychology},
  volume={30},
  number={2},
  pages={175},
  year={1935},
  publisher={American Psychological Association}
}
@book{watson1974psychology,
  title={Psychology and race},
  author={Watson, Peter},
  year={1974},
  publisher={Transaction Publishers}
}
@misc{coon1994essentials,
  title={Essentials of psychology: Exploration and application . St. Paul},
  author={Coon, D},
  year={1994},
  publisher={Minneapolis, MN: West Publishing Company}
}
@book{macrae1996stereotypes,
  title={Stereotypes and stereotyping},
  author={Macrae, C Neil and Stangor, Charles and Hewstone, Miles},
  year={1996},
  publisher={Guilford Press}
}
@article{wigboldus2005we,
  title={When do we communicate stereotypes? Influence of the social context on the linguistic expectancy bias},
  author={Wigboldus, Dani{\"e}l HJ and Spears, Russell and Semin, G{\"u}n R},
  journal={Group Processes \& Intergroup Relations},
  volume={8},
  number={3},
  pages={215--230},
  year={2005},
  publisher={Sage Publications Sage CA: Thousand Oaks, CA}
}
@book{abu2012learning,
  title={Learning from data},
  author={Abu-Mostafa, Yaser S and Magdon-Ismail, Malik and Lin, Hsuan-Tien},
  volume={4},
  year={2012},
  publisher={AMLBook New York, NY, USA:}
}
@article{lecun2015deep,
  title={Deep learning},
  author={LeCun, Yann and Bengio, Yoshua and Hinton, Geoffrey},
  journal={nature},
  volume={521},
  number={7553},
  pages={436--444},
  year={2015},
  publisher={Nature Publishing Group}
}
@article{rumelhart1995backpropagation,
  title={Backpropagation: The basic theory},
  author={Rumelhart, David E and Durbin, Richard and Golden, Richard and Chauvin, Yves},
  journal={Backpropagation: Theory, architectures and applications},
  pages={1--34},
  year={1995},
  publisher={Lawrence Erlbaum Hillsdale, NJ, USA}
}
@article{girosi1995regularization,
  title={Regularization theory and neural networks architectures},
  author={Girosi, Federico and Jones, Michael and Poggio, Tomaso},
  journal={Neural computation},
  volume={7},
  number={2},
  pages={219--269},
  year={1995},
  publisher={MIT Press}
}
@inproceedings{mikolov2010recurrent,
  title={Recurrent neural network based language model.},
  author={Mikolov, Tomas and Karafi{\'a}t, Martin and Burget, Lukas and Cernock{\`y}, Jan and Khudanpur, Sanjeev},
  booktitle={Interspeech},
  volume={2},
  number={3},
  pages={1045--1048},
  year={2010},
  organization={Makuhari}
}